@article{clinton1975politics,
  title={Politics and Survival},
  author={Clinton, Richard Lee},
  journal={World Affs.},
  volume={138},
  pages={108},
  year={1975},
  publisher={HeinOnline}
}

@article{gelm:veht:2021,
  author = {Andrew Gelman and Aki Vehtari},
  title = {{What are the Most Important Statistical Ideas of the Past 50 Years?}},
  journal = {Journal of the American Statistical Association},
  volume = {116},
  number = {536},
  pages = {2087-2097},
  year  = {2021},
  publisher = {Taylor & Francis},
  doi = {10.1080/01621459.2021.1938081},
  URL = {https://doi.org/10.1080/01621459.2021.1938081},
  eprint = {https://doi.org/10.1080/01621459.2021.1938081}
}

@article{brom:woo:2018,
  author = {Karl W. Broman and Kara H. Woo},
  title = {{Data Organization in Spreadsheets}},
  journal = {The American Statistician},
  volume = {72},
  number = {1},
  pages = {2-10},
  year  = {2018},
  publisher = {Taylor & Francis},
  doi = {10.1080/00031305.2017.1375989},
  URL = {https://doi.org/10.1080/00031305.2017.1375989},
  eprint = {https://doi.org/10.1080/00031305.2017.1375989}
}


@book{bish:fien:1975,
    author = {Bishop, Yvonne M. M. and Fienberg, Stephen E. and Holland, Paul W.},
    title = {Discrete Multivariate Analyses: Theory and Practice},
    year = {1975},
    pages = {557},
    publisher = {Boston, MA: MIT Press}
}   




@inbook{politica2003,
	title = {Political Survival},
	year = {2003},
	date = {2003},
	publisher = {The MIT Press},
	doi = {10.7551/mitpress/4292.003.0010},
	url = {http://dx.doi.org/10.7551/mitpress/4292.003.0010}
}

@inbook{bassel2017,
	title = {The politics of survival},
	author = {Bassel, Leah and Emejulu, Akwugo},
	year = {2017},
	month = {07},
	date = {2017-07-12},
	publisher = {Policy Press},
	doi = {10.1332/policypress/9781447327134.003.0005},
	url = {http://dx.doi.org/10.1332/policypress/9781447327134.003.0005}
}

@inbook{thepoli2021,
	title = {The Politics of Survival},
	year = {2021},
	month = {10},
	date = {2021-10-12},
	publisher = {Princeton University Press},
	pages = {47--50},
	doi = {10.2307/j.ctv1wmz48h.15},
	url = {http://dx.doi.org/10.2307/j.ctv1wmz48h.15}
}

@book{thepoli2019,
	title = {The Politics of Survival},
	year = {2019},
	date = {2019},
	publisher = {Fordham University Press},
	doi = {10.1353/book.63642},
	url = {http://dx.doi.org/10.1353/book.63642}
}

@book{thepoli2010,
	title = {The Politics of Survival},
	year = {2010},
	date = {2010},
	publisher = {Fordham University Press},
	doi = {10.1353/book.14670},
	url = {http://dx.doi.org/10.1353/book.14670}
}

@inbook{abélès,
	title = {The Politics of Survival},
	author = {{Abélès}, Marc},
	publisher = {DE GRUYTER},
	doi = {10.1515/9783110338737.186},
	url = {http://dx.doi.org/10.1515/9783110338737.186}
}

@book{buenodemesquita2003,
	title = {The Logic of Political Survival},
	author = {Bueno de Mesquita, Bruce and Smith, Alastair and Siverson, Randolph M. and Morrow, James D.},
	year = {2003},
	date = {2003},
	publisher = {The MIT Press},
	doi = {10.7551/mitpress/4292.001.0001},
	url = {http://dx.doi.org/10.7551/mitpress/4292.001.0001}
}

@article{dahl2023,
	title = {Clouds with silver linings: how mobilization shapes the impact of coups on democratization},
	author = {Dahl, Marianne and Gleditsch, Kristian Skrede},
	year = {2023},
	month = {01},
	date = {2023-01-04},
	journal = {European Journal of International Relations},
	pages = {135406612211432},
	doi = {10.1177/13540661221143213},
	url = {http://dx.doi.org/10.1177/13540661221143213},
	langid = {en}
}
